@incollection{sorella_2013, author = {S. Sorella}, place={Heidelberg}, title={Monte Carlo Methods and Markov Chains for Computational Physicists}, booktitle = {Strongly Correlated Systems}, publisher={Springer}, year={2013}, }

@website{Jensen, author ={Morten Hjorth-Jensen}, title = {Variational Monte Carlo methods, http://compphysics.github.io/ComputationalPhysics2/doc/pub/vmc/html/vmc-bs.html}, year = {2020}, publisher = {University of Oslo}}

@book{shankar_2014, place={New York, NY}, title={Principles of quantum mechanics}, publisher={Springer}, author={Shankar, Ramamurti}, year={2014}}

@book{newman_2013, place={S.l.}, title={Computational physics}, publisher={Createspace}, author={Newman, Mark E. J.}, year={2013}}

@website{Jensen2, author ={Morten Hjorth-Jensen}, title = {Variational Monte Carlo methods," https://www.asc.ohio-state.edu/physics/ntg/6810/readings/hjorth-jensen_notes2013_14.pdf"l}, year = {2020}, publisher = {Ohio State University Nuclear Theory Group}}
